@article{citeulike:2260219,

    author = {Jones, Michael J. and Rehg, James M.},
    citeulike-article-id = {2260219},
    citeulike-linkout-0 = {http://portal.acm.org/citation.cfm?id=606260},
    citeulike-linkout-1 = {http://dx.doi.org/10.1023/A:1013200319198},
    citeulike-linkout-2 = {http://www.springerlink.com/content/r0833464v0675146},
    comment = {Article that Jaldert used for his skin-detector.},
    day = {1},
    doi = {10.1023/A:1013200319198},
    journal = {International Journal of Computer Vision},
    keywords = {gazedetection, graduation, histograms, veryrelevant},
    month = {January},
    number = {1},
    pages = {81--96},
    posted-at = {2009-04-16 11:13:39},
    priority = {0},
    title = {Statistical Color Models with Application to Skin Detection},
    url = {http://dx.doi.org/10.1023/A:1013200319198},
    volume = {46},
    year = {2002}
}
@article{Mpeg,
  author = {José María Martínez Sanchez},
  interHash = {05242ba29648e721ae792def8a519a01},
  intraHash = {74532f1335ac023dbc8c3b58f1a9a95e},
  journal = {IEEE MultiMedia},
  number = {3},
  pages = {83-93},
  title = {MPEG-7: Overview of MPEG-7 Description Tools, Part 2.},
  url = {http://dblp.uni-trier.de/db/journals/ieeemm/ieeemm9.html#Martinez02},
  volume = {9},
  year = {2002},
  ee = {http://dlib2.computer.org/mu/books/mu2002/pdf/u3083.pdf},
  date = {2010-01-13}
}

@inproceedings{citeulike:2627975,

    author = {Fleck, Margaret M. and Forsyth, David A. and Bregler, Chris},
    booktitle = {ECCV (2)},
    citeulike-article-id = {2627975},
    citeulike-linkout-0 = {http://citeseerx.ist.psu.edu/viewdoc/summary?doi=10.1.1.52.1561},
    keywords = {filter, image, porn},
    pages = {593--602},
    posted-at = {2008-04-03 22:25:38},
    priority = {2},
    title = {Finding Naked People},
    url = {http://citeseerx.ist.psu.edu/viewdoc/summary?doi=10.1.1.52.1561},
    year = {1996}
}

@inproceedings{Wang97,
    address = {London, UK},
    author = {Wang, James Z. and Wiederhold, Gio and Firschein, Oscar},
    booktitle = {IDMS '97: Proceedings of the 4th International Workshop on Interactive Distributed Multimedia Systems and Telecommunication Services},
    citeulike-article-id = {2629870},
    citeulike-linkout-0 = {http://portal.acm.org/citation.cfm?id=645553.659487},
    isbn = {354063519X},
    keywords = {filter, image, porn, web},
    pages = {20--30},
    posted-at = {2008-04-04 15:44:55},
    priority = {2},
    publisher = {Springer-Verlag},
    title = {System for Screening Objectionable Images Using Daubechies' Wavelets and Color Histograms},
    url = {http://portal.acm.org/citation.cfm?id=645553.659487},
    year = {1997}
}

@inproceedings{DBLP:conf/cikm/StehlingNF02,
  author    = {Renato O. Stehling and
               Mario A. Nascimento and
               Alexandre X. Falc{\~a}o},
  title     = {A compact and efficient image retrieval approach based on
               border/interior pixel classification},
  booktitle = {CIKM},
  year      = {2002},
  pages     = {102-109},
  ee        = {http://doi.acm.org/10.1145/584792.584812},
  crossref  = {DBLP:conf/cikm/2002},
  bibsource = {DBLP, http://dblp.uni-trier.de}
}

@proceedings{DBLP:conf/cikm/2002,
  title     = {Proceedings of the 2002 ACM CIKM International Conference
               on Information and Knowledge Management, McLean, VA, USA,
               November 4-9, 2002},
  publisher = {ACM},
  year      = {2002},
  bibsource = {DBLP, http://dblp.uni-trier.de}
}


@inproceedings{DBLP:conf/la-web/BelemCMN05,
  author    = {Ruan J. S. Bel{\'e}m and
               Jo{\~a}o M. B. Cavalcanti and
               Edleno Silva de Moura and
               Mario A. Nascimento},
  title     = {SNIF: A Simple Nude Image Finder},
  booktitle = {LA-WEB},
  year      = {2005},
  pages     = {252-258},
  ee        = {http://doi.ieeecomputersociety.org/10.1109/LAWEB.2005.32},
  crossref  = {DBLP:conf/la-web/2005},
  bibsource = {DBLP, http://dblp.uni-trier.de}
}

@proceedings{DBLP:conf/la-web/2005,
  title     = {Third Latin American Web Congress (LA-Web 2005), 1 October
               - 2 November 2005, Buenos Aires, Argentina},
  booktitle = {LA-WEB},
  publisher = {IEEE Computer Society},
  year      = {2005},
  isbn      = {0-7695-2471-0},
  bibsource = {DBLP, http://dblp.uni-trier.de}
}

@inproceedings{DBLP:conf/icann/SpyrouBMCAO05,
  author    = {Evaggelos Spyrou and
               Herv{\'e} Le Borgne and
               Theofilos P. Mailis and
               Eddie Cooke and
               Yannis S. Avrithis and
               Noel E. O'Connor},
  title     = {Fusing MPEG-7 Visual Descriptors for Image Classification},
  booktitle = {ICANN (2)},
  year      = {2005},
  pages     = {847-852},
  ee        = {http://dx.doi.org/10.1007/11550907_134},
  crossref  = {DBLP:conf/icann/2005-2},
  bibsource = {DBLP, http://dblp.uni-trier.de}
}

@proceedings{DBLP:conf/icann/2005-2,
  editor    = {Wlodzislaw Duch and
               Janusz Kacprzyk and
               Erkki Oja and
               Slawomir Zadrozny},
  title     = {Artificial Neural Networks: Formal Models and Their Applications
               - ICANN 2005, 15th International Conference, Warsaw, Poland,
               September 11-15, 2005, Proceedings, Part II},
  booktitle = {ICANN (2)},
  publisher = {Springer},
  series    = {Lecture Notes in Computer Science},
  volume    = {3697},
  year      = {2005},
  isbn      = {3-540-28755-8},
  bibsource = {DBLP, http://dblp.uni-trier.de}
}

@Manual{CC01a,
  author =	 {Chih-Chung Chang and Chih-Jen Lin},
  title =	 {{LIBSVM}: a library for support vector machines},
  year =	 {2001},
  note =	 {Software available at \url{http://www.csie.ntu.edu.tw/~cjlin/libsvm}}
}


@article{hu62,
    author = {Hu, Ming K.},
    citeulike-article-id = {1145276},
    journal = {IRE Transactions on Information Theory},
    keywords = {bibtex-import},
    month = {February},
    pages = {179--187},
    posted-at = {2007-03-07 09:31:28},
    priority = {2},
    title = {Visual Pattern Recognition by Moment Invariants},
    volume = {IT-8},
    year = {1962}
}

@Book{vector,
 author    = "Gersho,  A.  and  R.M.  Grey",
 title     = "Vector Quantization  and  Signal  Compression.",
 publisher = "Dover",
 year      =  1991,
 address   = "Massachusetts",
 pages = "732"
 isbn      = "0385527403"
 edition   = "ninth Dover printing, tenth GPO printing"
}

